
@inproceedings{DBLP:conf/popl/BoyapatiLS03,
	author    = {Chandrasekhar Boyapati and
	Barbara Liskov and
	Liuba Shrira},
	title     = {Ownership types for object encapsulation},
	booktitle = {Conference Record of {POPL} 2003: The 30th {SIGPLAN-SIGACT} Symposium
	on Principles of Programming Languages, New Orleans, Louisisana, USA,
	January 15-17, 2003},
	pages     = {213--223},
	year      = {2003},
	crossref  = {DBLP:conf/popl/2003},
	url       = {https://doi.org/10.1145/640128.604156},
	doi       = {10.1145/640128.604156},
	timestamp = {Tue, 06 Nov 2018 11:07:43 +0100},
	biburl    = {https://dblp.org/rec/bib/conf/popl/BoyapatiLS03},
	bibsource = {dblp computer science bibliography, https://dblp.org}
}
@proceedings{DBLP:conf/popl/2003,
	editor    = {Alex Aiken and
	Greg Morrisett},
	title     = {Conference Record of {POPL} 2003: The 30th {SIGPLAN-SIGACT} Symposium
	on Principles of Programming Languages, New Orleans, Louisisana, USA,
	January 15-17, 2003},
	publisher = {{ACM}},
	year      = {2003},
	url       = {http://dl.acm.org/citation.cfm?id=604131},
	isbn      = {1-58113-628-5},
	timestamp = {Mon, 18 Mar 2013 08:37:45 +0100},
	biburl    = {https://dblp.org/rec/bib/conf/popl/2003},
	bibsource = {dblp computer science bibliography, https://dblp.org}
}

@inproceedings{DBLP:conf/oopsla/BoyapatiLR02,
	author    = {Chandrasekhar Boyapati and
	Robert Lee and
	Martin C. Rinard},
	title     = {Ownership types for safe programming: preventing data races and deadlocks},
	booktitle = {Proceedings of the 2002 {ACM} {SIGPLAN} Conference on Object-Oriented
	Programming Systems, Languages and Applications, {OOPSLA} 2002, Seattle,
	Washington, USA, November 4-8, 2002.},
	pages     = {211--230},
	year      = {2002},
	crossref  = {DBLP:conf/oopsla/2002},
	url       = {https://doi.org/10.1145/582419.582440},
	doi       = {10.1145/582419.582440},
	timestamp = {Tue, 06 Nov 2018 16:57:16 +0100},
	biburl    = {https://dblp.org/rec/bib/conf/oopsla/BoyapatiLR02},
	bibsource = {dblp computer science bibliography, https://dblp.org}
}
@proceedings{DBLP:conf/oopsla/2002,
	editor    = {Mamdouh Ibrahim and
	Satoshi Matsuoka},
	title     = {Proceedings of the 2002 {ACM} {SIGPLAN} Conference on Object-Oriented
	Programming Systems, Languages and Applications, {OOPSLA} 2002, Seattle,
	Washington, USA, November 4-8, 2002},
	publisher = {{ACM}},
	year      = {2002},
	url       = {http://dl.acm.org/citation.cfm?id=582419},
	isbn      = {1-58113-471-1},
	timestamp = {Tue, 11 Jun 2013 10:00:57 +0200},
	biburl    = {https://dblp.org/rec/bib/conf/oopsla/2002},
	bibsource = {dblp computer science bibliography, https://dblp.org}
}
@misc{OSL,
	author = {Shuanglong Kan},
	title = {Ownership Language},
	year = {2019},
	publisher = {GitHub},
	journal = {GitHub repository},
	howpublished = {\url{https://bitbucket.org/shuanglongkan/ownership-language-osl/src/master/}},
}

@inproceedings{DBLP:conf/rv/RosuSS09,
	author    = {Grigore Rosu and
	Wolfram Schulte and
	Traian{-}Florin Serbanuta},
	title     = {Runtime Verification of {C} Memory Safety},
	booktitle = {Runtime Verification, 9th International Workshop, {RV} 2009, Grenoble,
	France, June 26-28, 2009. Selected Papers},
	pages     = {132--151},
	year      = {2009},
	crossref  = {DBLP:conf/rv/2009},
	url       = {https://doi.org/10.1007/978-3-642-04694-0\_10},
	doi       = {10.1007/978-3-642-04694-0\_10},
	timestamp = {Wed, 17 May 2017 14:24:47 +0200},
	biburl    = {https://dblp.org/rec/bib/conf/rv/RosuSS09},
	bibsource = {dblp computer science bibliography, https://dblp.org}
}
@proceedings{DBLP:conf/rv/2009,
	editor    = {Saddek Bensalem and
	Doron A. Peled},
	title     = {Runtime Verification, 9th International Workshop, {RV} 2009, Grenoble,
	France, June 26-28, 2009. Selected Papers},
	series    = {Lecture Notes in Computer Science},
	volume    = {5779},
	publisher = {Springer},
	year      = {2009},
	url       = {https://doi.org/10.1007/978-3-642-04694-0},
	doi       = {10.1007/978-3-642-04694-0},
	isbn      = {978-3-642-04693-3},
	timestamp = {Wed, 17 May 2017 14:24:47 +0200},
	biburl    = {https://dblp.org/rec/bib/conf/rv/2009},
	bibsource = {dblp computer science bibliography, https://dblp.org}
}
@inproceedings{DBLP:conf/pldi/AustinBS94,
	author    = {Todd M. Austin and
	Scott E. Breach and
	Gurindar S. Sohi},
	title     = {Efficient Detection of All Pointer and Array Access Errors},
	booktitle = {Proceedings of the {ACM} SIGPLAN'94 Conference on Programming Language
	Design and Implementation (PLDI), Orlando, Florida, USA, June 20-24,
	1994},
	pages     = {290--301},
	year      = {1994},
	crossref  = {DBLP:conf/pldi/1994},
	url       = {https://doi.org/10.1145/178243.178446},
	doi       = {10.1145/178243.178446},
	timestamp = {Tue, 06 Nov 2018 16:59:30 +0100},
	biburl    = {https://dblp.org/rec/bib/conf/pldi/AustinBS94},
	bibsource = {dblp computer science bibliography, https://dblp.org}
}
@proceedings{DBLP:conf/pldi/1994,
	editor    = {Vivek Sarkar and
	Barbara G. Ryder and
	Mary Lou Soffa},
	title     = {Proceedings of the {ACM} SIGPLAN'94 Conference on Programming Language
	Design and Implementation (PLDI), Orlando, Florida, USA, June 20-24,
	1994},
	publisher = {{ACM}},
	year      = {1994},
	url       = {http://dl.acm.org/citation.cfm?id=178243},
	isbn      = {0-89791-662-X},
	timestamp = {Mon, 21 May 2012 16:19:52 +0200},
	biburl    = {https://dblp.org/rec/bib/conf/pldi/1994},
	bibsource = {dblp computer science bibliography, https://dblp.org}
}
@inproceedings{DBLP:conf/spin/HenzingerJMS03,
	author    = {Thomas A. Henzinger and
	Ranjit Jhala and
	Rupak Majumdar and
	Gr{\'{e}}goire Sutre},
	title     = {Software Verification with {BLAST}},
	booktitle = {Model Checking Software, 10th International {SPIN} Workshop. Portland,
	OR, USA, May 9-10, 2003, Proceedings},
	pages     = {235--239},
	year      = {2003},
	crossref  = {DBLP:conf/spin/2003},
	url       = {https://doi.org/10.1007/3-540-44829-2\_17},
	doi       = {10.1007/3-540-44829-2\_17},
	timestamp = {Mon, 29 May 2017 16:53:44 +0200},
	biburl    = {https://dblp.org/rec/bib/conf/spin/HenzingerJMS03},
	bibsource = {dblp computer science bibliography, https://dblp.org}
}
@proceedings{DBLP:conf/spin/2003,
	editor    = {Thomas Ball and
	Sriram K. Rajamani},
	title     = {Model Checking Software, 10th International {SPIN} Workshop. Portland,
	OR, USA, May 9-10, 2003, Proceedings},
	series    = {Lecture Notes in Computer Science},
	volume    = {2648},
	publisher = {Springer},
	year      = {2003},
	url       = {https://doi.org/10.1007/3-540-44829-2},
	doi       = {10.1007/3-540-44829-2},
	isbn      = {3-540-40117-2},
	timestamp = {Mon, 29 May 2017 16:53:44 +0200},
	biburl    = {https://dblp.org/rec/bib/conf/spin/2003},
	bibsource = {dblp computer science bibliography, https://dblp.org}
}

@inproceedings{DBLP:conf/ecoop/KaiserDDLV17,
	author    = {Jan{-}Oliver Kaiser and
	Hoang{-}Hai Dang and
	Derek Dreyer and
	Ori Lahav and
	Viktor Vafeiadis},
	title     = {Strong Logic for Weak Memory: Reasoning About Release-Acquire Consistency
	in Iris},
	booktitle = {31st European Conference on Object-Oriented Programming, {ECOOP} 2017,
	June 19-23, 2017, Barcelona, Spain},
	pages     = {17:1--17:29},
	year      = {2017},
	crossref  = {DBLP:conf/ecoop/2017},
	url       = {https://doi.org/10.4230/LIPIcs.ECOOP.2017.17},
	doi       = {10.4230/LIPIcs.ECOOP.2017.17},
	timestamp = {Thu, 23 Aug 2018 15:56:08 +0200},
	biburl    = {https://dblp.org/rec/bib/conf/ecoop/KaiserDDLV17},
	bibsource = {dblp computer science bibliography, https://dblp.org}
}
@proceedings{DBLP:conf/ecoop/2017,
	editor    = {Peter M{\"{u}}ller},
	title     = {31st European Conference on Object-Oriented Programming, {ECOOP} 2017,
	June 19-23, 2017, Barcelona, Spain},
	series    = {LIPIcs},
	volume    = {74},
	publisher = {Schloss Dagstuhl - Leibniz-Zentrum fuer Informatik},
	year      = {2017},
	url       = {http://www.dagstuhl.de/dagpub/978-3-95977-035-4},
	isbn      = {978-3-95977-035-4},
	timestamp = {Mon, 26 Jun 2017 09:52:50 +0200},
	biburl    = {https://dblp.org/rec/bib/conf/ecoop/2017},
	bibsource = {dblp computer science bibliography, https://dblp.org}
}

@inproceedings{DBLP:conf/post/AmorimHP18,
	author    = {Arthur Azevedo de Amorim and
	Catalin Hritcu and
	Benjamin C. Pierce},
	title     = {The Meaning of Memory Safety},
	booktitle = {Principles of Security and Trust - 7th International Conference, {POST}
	2018, Held as Part of the European Joint Conferences on Theory and
	Practice of Software, {ETAPS} 2018, Thessaloniki, Greece, April 14-20,
	2018, Proceedings},
	pages     = {79--105},
	year      = {2018},
	crossref  = {DBLP:conf/post/2018},
	url       = {https://doi.org/10.1007/978-3-319-89722-6\_4},
	doi       = {10.1007/978-3-319-89722-6\_4},
	timestamp = {Tue, 26 Jun 2018 14:13:05 +0200},
	biburl    = {https://dblp.org/rec/bib/conf/post/AmorimHP18},
	bibsource = {dblp computer science bibliography, https://dblp.org}
}
@proceedings{DBLP:conf/post/2018,
	editor    = {Lujo Bauer and
	Ralf K{\"{u}}sters},
	title     = {Principles of Security and Trust - 7th International Conference, {POST}
	2018, Held as Part of the European Joint Conferences on Theory and
	Practice of Software, {ETAPS} 2018, Thessaloniki, Greece, April 14-20,
	2018, Proceedings},
	series    = {Lecture Notes in Computer Science},
	volume    = {10804},
	publisher = {Springer},
	year      = {2018},
	url       = {https://doi.org/10.1007/978-3-319-89722-6},
	doi       = {10.1007/978-3-319-89722-6},
	isbn      = {978-3-319-89721-9},
	timestamp = {Mon, 16 Apr 2018 13:26:44 +0200},
	biburl    = {https://dblp.org/rec/bib/conf/post/2018},
	bibsource = {dblp computer science bibliography, https://dblp.org}
}

@inproceedings{DBLP:conf/fossacs/YangO02,
	author    = {Hongseok Yang and
	Peter W. O'Hearn},
	title     = {A Semantic Basis for Local Reasoning},
	booktitle = {Foundations of Software Science and Computation Structures, 5th International
	Conference, {FOSSACS} 2002. Held as Part of the Joint European Conferences
	on Theory and Practice of Software, {ETAPS} 2002 Grenoble, France,
	April 8-12, 2002, Proceedings},
	pages     = {402--416},
	year      = {2002},
	crossref  = {DBLP:conf/fossacs/2002},
	url       = {https://doi.org/10.1007/3-540-45931-6\_28},
	doi       = {10.1007/3-540-45931-6\_28},
	timestamp = {Fri, 26 May 2017 14:09:14 +0200},
	biburl    = {https://dblp.org/rec/bib/conf/fossacs/YangO02},
	bibsource = {dblp computer science bibliography, https://dblp.org}
}
@proceedings{DBLP:conf/fossacs/2002,
	editor    = {Mogens Nielsen and
	Uffe Engberg},
	title     = {Foundations of Software Science and Computation Structures, 5th International
	Conference, {FOSSACS} 2002. Held as Part of the Joint European Conferences
	on Theory and Practice of Software, {ETAPS} 2002 Grenoble, France,
	April 8-12, 2002, Proceedings},
	series    = {Lecture Notes in Computer Science},
	volume    = {2303},
	publisher = {Springer},
	year      = {2002},
	url       = {https://doi.org/10.1007/3-540-45931-6},
	doi       = {10.1007/3-540-45931-6},
	isbn      = {3-540-43366-X},
	timestamp = {Fri, 26 May 2017 14:09:14 +0200},
	biburl    = {https://dblp.org/rec/bib/conf/fossacs/2002},
	bibsource = {dblp computer science bibliography, https://dblp.org}
}

@inproceedings{DBLP:conf/lics/Reynolds02,
	author    = {John C. Reynolds},
	title     = {Separation Logic: {A} Logic for Shared Mutable Data Structures},
	booktitle = {17th {IEEE} Symposium on Logic in Computer Science {(LICS} 2002),
	22-25 July 2002, Copenhagen, Denmark, Proceedings},
	pages     = {55--74},
	year      = {2002},
	crossref  = {DBLP:conf/lics/2002},
	url       = {https://doi.org/10.1109/LICS.2002.1029817},
	doi       = {10.1109/LICS.2002.1029817},
	timestamp = {Wed, 14 Nov 2018 10:52:08 +0100},
	biburl    = {https://dblp.org/rec/bib/conf/lics/Reynolds02},
	bibsource = {dblp computer science bibliography, https://dblp.org}
}
@proceedings{DBLP:conf/lics/2002,
	title     = {17th {IEEE} Symposium on Logic in Computer Science {(LICS} 2002),
	22-25 July 2002, Copenhagen, Denmark, Proceedings},
	publisher = {{IEEE} Computer Society},
	year      = {2002},
	url       = {http://ieeexplore.ieee.org/xpl/mostRecentIssue.jsp?punumber=8005},
	isbn      = {0-7695-1483-9},
	timestamp = {Fri, 21 Nov 2014 14:08:56 +0100},
	biburl    = {https://dblp.org/rec/bib/conf/lics/2002},
	bibsource = {dblp computer science bibliography, https://dblp.org}
}

@inproceedings{DBLP:conf/icfp/PottierP13,
	author    = {Fran{\c{c}}ois Pottier and
	Jonathan Protzenko},
	title     = {Programming with permissions in Mezzo},
	booktitle = {{ACM} {SIGPLAN} International Conference on Functional Programming,
	ICFP'13, Boston, MA, {USA} - September 25 - 27, 2013},
	pages     = {173--184},
	year      = {2013},
	crossref  = {DBLP:conf/icfp/2013},
	url       = {https://doi.org/10.1145/2500365.2500598},
	doi       = {10.1145/2500365.2500598},
	timestamp = {Tue, 06 Nov 2018 16:59:25 +0100},
	biburl    = {https://dblp.org/rec/bib/conf/icfp/PottierP13},
	bibsource = {dblp computer science bibliography, https://dblp.org}
}
@proceedings{DBLP:conf/icfp/2013,
	editor    = {Greg Morrisett and
	Tarmo Uustalu},
	title     = {{ACM} {SIGPLAN} International Conference on Functional Programming,
	ICFP'13, Boston, MA, {USA} - September 25 - 27, 2013},
	publisher = {{ACM}},
	year      = {2013},
	url       = {http://dl.acm.org/citation.cfm?id=2500365},
	isbn      = {978-1-4503-2326-0},
	timestamp = {Thu, 19 Sep 2013 11:20:00 +0200},
	biburl    = {https://dblp.org/rec/bib/conf/icfp/2013},
	bibsource = {dblp computer science bibliography, https://dblp.org}
}

@inproceedings{DBLP:conf/iwmm/NagarakatteZMZ10,
	author    = {Santosh Nagarakatte and
	Jianzhou Zhao and
	Milo M. K. Martin and
	Steve Zdancewic},
	title     = {{CETS:} compiler enforced temporal safety for {C}},
	booktitle = {Proceedings of the 9th International Symposium on Memory Management,
	{ISMM} 2010, Toronto, Ontario, Canada, June 5-6, 2010},
	pages     = {31--40},
	year      = {2010},
	crossref  = {DBLP:conf/iwmm/2010},
	url       = {https://doi.org/10.1145/1806651.1806657},
	doi       = {10.1145/1806651.1806657},
	timestamp = {Tue, 06 Nov 2018 16:58:57 +0100},
	biburl    = {https://dblp.org/rec/bib/conf/iwmm/NagarakatteZMZ10},
	bibsource = {dblp computer science bibliography, https://dblp.org}
}
@proceedings{DBLP:conf/iwmm/2010,
	editor    = {Jan Vitek and
	Doug Lea},
	title     = {Proceedings of the 9th International Symposium on Memory Management,
	{ISMM} 2010, Toronto, Ontario, Canada, June 5-6, 2010},
	publisher = {{ACM}},
	year      = {2010},
	url       = {http://dl.acm.org/citation.cfm?id=1806651},
	isbn      = {978-1-4503-0054-4},
	timestamp = {Tue, 22 May 2012 15:24:55 +0200},
	biburl    = {https://dblp.org/rec/bib/conf/iwmm/2010},
	bibsource = {dblp computer science bibliography, https://dblp.org}
}

@inproceedings{DBLP:conf/pldi/NagarakatteZMZ09,
	author    = {Santosh Nagarakatte and
	Jianzhou Zhao and
	Milo M. K. Martin and
	Steve Zdancewic},
	title     = {SoftBound: highly compatible and complete spatial memory safety for
	c},
	booktitle = {Proceedings of the 2009 {ACM} {SIGPLAN} Conference on Programming
	Language Design and Implementation, {PLDI} 2009, Dublin, Ireland,
	June 15-21, 2009},
	pages     = {245--258},
	year      = {2009},
	crossref  = {DBLP:conf/pldi/2009},
	url       = {https://doi.org/10.1145/1542476.1542504},
	doi       = {10.1145/1542476.1542504},
	timestamp = {Tue, 06 Nov 2018 16:59:30 +0100},
	biburl    = {https://dblp.org/rec/bib/conf/pldi/NagarakatteZMZ09},
	bibsource = {dblp computer science bibliography, https://dblp.org}
}
@proceedings{DBLP:conf/pldi/2009,
	editor    = {Michael Hind and
	Amer Diwan},
	title     = {Proceedings of the 2009 {ACM} {SIGPLAN} Conference on Programming
	Language Design and Implementation, {PLDI} 2009, Dublin, Ireland,
	June 15-21, 2009},
	publisher = {{ACM}},
	year      = {2009},
	isbn      = {978-1-60558-392-1},
	timestamp = {Thu, 18 Jun 2009 21:03:05 +0200},
	biburl    = {https://dblp.org/rec/bib/conf/pldi/2009},
	bibsource = {dblp computer science bibliography, https://dblp.org}
}

@article{DBLP:journals/scp/SwamyHMGJ06,
	author    = {Nikhil Swamy and
	Michael W. Hicks and
	Greg Morrisett and
	Dan Grossman and
	Trevor Jim},
	title     = {Safe manual memory management in Cyclone},
	journal   = {Sci. Comput. Program.},
	volume    = {62},
	number    = {2},
	pages     = {122--144},
	year      = {2006},
	url       = {https://doi.org/10.1016/j.scico.2006.02.003},
	doi       = {10.1016/j.scico.2006.02.003},
	timestamp = {Sat, 27 May 2017 14:22:54 +0200},
	biburl    = {https://dblp.org/rec/bib/journals/scp/SwamyHMGJ06},
	bibsource = {dblp computer science bibliography, https://dblp.org}
}
@article{DBLP:journals/virology/FeistMP14,
	author    = {Josselin Feist and
	Laurent Mounier and
	Marie{-}Laure Potet},
	title     = {Statically detecting use after free on binary code},
	journal   = {J. Computer Virology and Hacking Techniques},
	volume    = {10},
	number    = {3},
	pages     = {211--217},
	year      = {2014},
	url       = {https://doi.org/10.1007/s11416-014-0203-1},
	doi       = {10.1007/s11416-014-0203-1},
	timestamp = {Wed, 17 May 2017 14:25:45 +0200},
	biburl    = {https://dblp.org/rec/bib/journals/virology/FeistMP14},
	bibsource = {dblp computer science bibliography, https://dblp.org}
}

@misc{Niko2018,
	author = {Niko Matsakis },
	title = {rust-lang},
	year = {2018},
	publisher = {GitHub},
	journal = {GitHub repository},
	howpublished = {\url{https://github.com/rust-lang/rust/issues/47366}},
}

@misc{rustdatarace,
	author={Rust Team},
	title={References and Borrowings},
	year={2018},
	publisher={Mozila},
	howpublished = {\url{https://doc.rust-lang.org/book/ch04-02-references-and-borrowing.html?highlight=data,race#mutable-references}}
}

@misc{Casper2017,
	author = {Casper},
	title = {rust-lang},
	year = {2017},
	publisher = {GitHub},
	journal = {GitHub repository},
	howpublished = {\url{https://github.com/rust-lang/rust/issues/46557}},
}


@article{corr/abs-1804-10806,
	author    = {Feng Wang and
	Fu Song and
	Min Zhang and
	Xiaoran Zhu and
	Jun Zhang},
	title     = {KRust: {A} Formal Executable Semantics of Rust},
	journal   = {CoRR},
	volume    = {abs/1804.10806},
	year      = {2018},
	url       = {http://arxiv.org/abs/1804.10806},
	archivePrefix = {arXiv},
	eprint    = {1804.10806},
	timestamp = {Mon, 13 Aug 2018 16:48:37 +0200},
	biburl    = {https://dblp.org/rec/bib/journals/corr/abs-1804-10806},
	bibsource = {dblp computer science bibliography, https://dblp.org}
}

@techreport{Eric2015,
    title={Patina: A Formalization of the Rust Programming Language},
	author={Eric Reed},
	institution={University of Washington},
	year={2015},
}
	
@article{Ralf2018,
  TITLE = {{RustBelt: Securing the Foundations of the Rust Programming Language}},
  AUTHOR = {Jung, Ralf and Jourdan, Jacques-Henri and Krebbers, Robbert and Dreyer, Derek},
  URL = {https://hal.archives-ouvertes.fr/hal-01633165},
  JOURNAL = {{Proc. ACM Program. Lang. 2, POPL, Article}},
  YEAR = {2018},
  MONTH = Jan,
  DOI = {10.1145/3158154},
  KEYWORDS = {Programming logic ; Separation logic ; Operational semantics ; Rust ;  separation logic ;  type systems ;  logical relations ;  concurrency},
  PDF = {https://hal.archives-ouvertes.fr/hal-01633165/file/jourdan2018rustbelt.pdf},
  HAL_ID = {hal-01633165},
  HAL_VERSION = {v1},
}

@Misc{rusthome,
    howpublished={https://www.rust-lang.org/en-US/},
    author={Rust Team},
    title={The Rust Language Homepage},
    year={2016},
}

@Misc{MIR,
	howpublished={\url{https://blog.rust-lang.org/2016/04/19/MIR.html}},
	author={Niko Matsakis},
	title={Introducing {MIR}},
	date={2016}
}

@Misc{MIRI,
	howpublished={\url{https://github.com/solson/miri}},
	author={Scott Olson},
	title={{M}iri},
	date={2016}
}

@Misc{VECDEQUE,
	howpublished={\url{https://github.com/rust-lang/rust/issues/44800}},
	author={VecDeque issue 44800},
	date={2017}
}

@Misc{use-after-free,
	author={Christopher Serr},
	howpublished={https://github.com/shepmaster/sxd-document/issues/47},
	title={Use after Free when parsing this XML Document},
	year={2017}
}

@Misc{rustbelt-homepage,
	author={Derek Dreyer},
	howpublished={http://plv.mpi-sws.org/rustbelt/},
	title={ERC Project: RustBelt},
	year={2015},
}

@@Misc{coq,
	howpublished={http://coq.inria.fr},	
	title={The Coq proof assistant},
	year={1999-2018}
}

@inproceedings{Jung2015,
	author = {Jung, Ralf and Swasey, David and Sieczkowski, Filip and Svendsen, Kasper and Turon, Aaron and Birkedal, Lars and Dreyer, Derek},
	title = {Iris: Monoids and Invariants As an Orthogonal Basis for Concurrent Reasoning},
	booktitle = {Proceedings of the 42Nd Annual ACM SIGPLAN-SIGACT Symposium on Principles of Programming Languages},
	series = {POPL '15},
	year = {2015},
	isbn = {978-1-4503-3300-9},
	location = {Mumbai, India},
	pages = {637--650},
	numpages = {14},
	url = {http://doi.acm.org/10.1145/2676726.2676980},
	doi = {10.1145/2676726.2676980},
	acmid = {2676980},
	publisher = {ACM},
	address = {New York, NY, USA}
} 

@article{rosu-serbanuta-2010-jlap,
  title={An Overview of the {K} Semantic Framework},
  author={Grigore Ro{\c s}u and Traian Florin {\c S}erb{\u a}nu{\c t}{\u a} },
  journal={Journal of Logic and Algebraic Programming},
  volume={79},
  number={6},
  pages={397--434},
  year={2010},
  ee={http://dx.doi.org/10.1016/j.jlap.2010.03.012},
  doi={10.1016/j.jlap.2010.03.012},
}
@inproceedings{bogdanas-rosu-2015-popl,
    author = "Bogd\u{a}na\c{s}, Denis and Ro\c{s}u, Grigore",
    publisher = "ACM",
    doi = "http://dx.doi.org/10.1145/2676726.2676982",
    title = "{K-Java: A Complete Semantics of Java}",
    booktitle = "Proceedings of the 42nd Symposium on Principles of Programming Languages (POPL'15)",
    month = "January",
    year = "2015",
    pages = "445-456"
}

@inproceedings{hathhorn-ellison-rosu-2015-pldi,
    author = "Hathhorn, Chris and Ellison, Chucky and Ro\c{s}u, Grigore",
    publisher = "ACM",
    doi = "http://dx.doi.org/10.1145/2813885.2737979",
    title = "Defining the Undefinedness of C",
    booktitle = "Proceedings of the 36th ACM SIGPLAN Conference on Programming Language Design and Implementation (PLDI'15)",
    month = "June",
    year = "2015",
    pages = "336-345"
}
@inproceedings{ellison-rosu-2012-popl,
    author = "Ellison, Chucky and Rosu, Grigore",
    publisher = "ACM",
    doi = "http://doi.acm.org/10.1145/2103656.2103719",
    title = "An Executable Formal Semantics of C with Applications",
    booktitle = "Proceedings of the 39th ACM SIGPLAN-SIGACT Symposium on Principles of Programming Languages (POPL'12)",
    month = "January",
    year = "2012",
    pages = "533-544"
}

@inproceedings{park-stefanescu-rosu-2015-pldi,
    author = "Park, Daejun and \c{S}tef\u{a}nescu, Andrei and Ro\c{s}u, Grigore",
    publisher = "ACM",
    doi = "http://dx.doi.org/10.1145/2737924.2737991",
    title = "{KJS}: A Complete Formal Semantics of {JavaScript}",
    booktitle = "Proceedings of the 36th ACM SIGPLAN Conference on Programming Language Design and Implementation (PLDI'15)",
    month = "June",
    year = "2015",
    pages = "346-356"
}


@inproceedings{oopsla/StefanescuPYLR16,
    author = "\c{S}tef\u{a}nescu, Andrei and Park, Daejun and Yuwen, Shijiao and Li, Yilong and Ro\c{s}u, Grigore",
    publisher = "ACM",
    doi = "http://dx.doi.org/10.1145/2983990.2984027",
    title = "Semantics-Based Program Verifiers for All Languages",
    booktitle = "Proceedings of the 31th Conference on Object-Oriented Programming, Systems, Languages, and Applications (OOPSLA'16)",
    month = "Nov",
    year = "2016",
    pages = "74-91"
}

@manual{rustbook,
	author = {{Rust Team}},
	title  = {{The Rust Programming Language}},
	year = {2016},
	organization = {Mozilla Research},
	note = {https://doc.rust-lang.org/book/second-edition/},
}


@inproceedings{TomanPT15,
  author    = {John Toman and
               Stuart Pernsteiner and
               Emina Torlak},
  title     = {Crust: {A} Bounded Verifier for Rust {(N)}},
  booktitle = {30th {IEEE/ACM} International Conference on Automated Software Engineering,
               {ASE} 2015, Lincoln, NE, USA, November 9-13, 2015},
  pages     = {75--80},
  year      = {2015},
  crossref  = {DBLP:conf/kbse/2015},
  url       = {https://doi.org/10.1109/ASE.2015.77},
  doi       = {10.1109/ASE.2015.77},
  timestamp = {Tue, 23 May 2017 01:06:51 +0200},
  biburl    = {http://dblp.org/rec/bib/conf/kbse/TomanPT15},
  bibsource = {dblp computer science bibliography, http://dblp.org}
}

@proceedings{DBLP:conf/kbse/2015,
  editor    = {Myra B. Cohen and
               Lars Grunske and
               Michael Whalen},
  title     = {30th {IEEE/ACM} International Conference on Automated Software Engineering,
               {ASE} 2015, Lincoln, NE, USA, November 9-13, 2015},
  publisher = {{IEEE} Computer Society},
  year      = {2015},
  url       = {http://ieeexplore.ieee.org/xpl/mostRecentIssue.jsp?punumber=7371449},
  isbn      = {978-1-5090-0025-8},
  timestamp = {Fri, 06 May 2016 09:56:26 +0200},
  biburl    = {http://dblp.org/rec/bib/conf/kbse/2015},
  bibsource = {dblp computer science bibliography, http://dblp.org}
}





@inproceedings{JespersenML15,
  author    = {Thomas Bracht Laumann Jespersen and
               Philip Munksgaard and
               Ken Friis Larsen},
  title     = {Session types for Rust},
  booktitle = {Proceedings of the 11th {ACM} {SIGPLAN} Workshop on Generic Programming,
               WGP@ICFP 2015, Vancouver, BC, Canada, August 30, 2015},
  pages     = {13--22},
  year      = {2015},
  crossref  = {DBLP:conf/icfp/2015wgp},
  url       = {http://doi.acm.org/10.1145/2808098.2808100},
  doi       = {10.1145/2808098.2808100},
  timestamp = {Sun, 04 Jun 2017 10:05:10 +0200},
  biburl    = {http://dblp.org/rec/bib/conf/icfp/JespersenML15},
  bibsource = {dblp computer science bibliography, http://dblp.org}
}

@proceedings{DBLP:conf/icfp/2015wgp,
  editor    = {Patrick Bahr and
               Sebastian Erdweg},
  title     = {Proceedings of the 11th {ACM} {SIGPLAN} Workshop on Generic Programming,
               WGP@ICFP 2015, Vancouver, BC, Canada, August 30, 2015},
  publisher = {{ACM}},
  year      = {2015},
  url       = {http://doi.acm.org/10.1145/2808098},
  doi       = {10.1145/2808098},
  isbn      = {978-1-4503-3810-3},
  timestamp = {Tue, 15 Dec 2015 18:36:06 +0100},
  biburl    = {http://dblp.org/rec/bib/conf/icfp/2015wgp},
  bibsource = {dblp computer science bibliography, http://dblp.org}
}

@mastersthesis{FlorianHahn2016,
  author       = {Florian Hahn}, 
  title        = {Rust2Viper: Building a Static Verifier
for Rust},
  school       = {ETH Z{\"u}rich},
  year         = 2016,
}



@inproceedings{ClarkeKL04,
  author    = {Edmund M. Clarke and
               Daniel Kroening and
               Flavio Lerda},
  title     = {A Tool for Checking {ANSI-C} Programs},
  booktitle = {Tools and Algorithms for the Construction and Analysis of Systems,
               10th International Conference, {TACAS} 2004, Held as Part of the Joint
               European Conferences on Theory and Practice of Software, {ETAPS} 2004,
               Barcelona, Spain, March 29 - April 2, 2004, Proceedings},
  pages     = {168--176},
  year      = {2004},
  crossref  = {DBLP:conf/tacas/2004},
  url       = {https://doi.org/10.1007/978-3-540-24730-2_15},
  doi       = {10.1007/978-3-540-24730-2_15},
  timestamp = {Mon, 29 May 2017 16:53:44 +0200},
  biburl    = {http://dblp.org/rec/bib/conf/tacas/ClarkeKL04},
  bibsource = {dblp computer science bibliography, http://dblp.org}
}

@proceedings{DBLP:conf/tacas/2004,
  editor    = {Kurt Jensen and
               Andreas Podelski},
  title     = {Tools and Algorithms for the Construction and Analysis of Systems,
               10th International Conference, {TACAS} 2004, Held as Part of the Joint
               European Conferences on Theory and Practice of Software, {ETAPS} 2004,
               Barcelona, Spain, March 29 - April 2, 2004, Proceedings},
  series    = {Lecture Notes in Computer Science},
  volume    = {2988},
  publisher = {Springer},
  year      = {2004},
  url       = {https://doi.org/10.1007/b96393},
  doi       = {10.1007/b96393},
  isbn      = {3-540-21299-X},
  timestamp = {Mon, 29 May 2017 16:53:44 +0200},
  biburl    = {http://dblp.org/rec/bib/conf/tacas/2004},
  bibsource = {dblp computer science bibliography, http://dblp.org}
}


@inproceedings{mcai/0001SS16,
  author    = {Peter M{\"{u}}ller and
               Malte Schwerhoff and
               Alexander J. Summers},
  title     = {Viper: {A} Verification Infrastructure for Permission-Based Reasoning},
  booktitle = {Verification, Model Checking, and Abstract Interpretation - 17th International
               Conference, {VMCAI} 2016, St. Petersburg, FL, USA, January 17-19,
               2016. Proceedings},
  pages     = {41--62},
  year      = {2016},
  crossref  = {DBLP:conf/vmcai/2016},
  url       = {https://doi.org/10.1007/978-3-662-49122-5_2},
  doi       = {10.1007/978-3-662-49122-5_2},
  timestamp = {Wed, 24 May 2017 08:30:31 +0200},
  biburl    = {http://dblp.org/rec/bib/conf/vmcai/0001SS16},
  bibsource = {dblp computer science bibliography, http://dblp.org}
}
@proceedings{DBLP:conf/vmcai/2016,
  editor    = {Barbara Jobstmann and
               K. Rustan M. Leino},
  title     = {Verification, Model Checking, and Abstract Interpretation - 17th International
               Conference, {VMCAI} 2016, St. Petersburg, FL, USA, January 17-19,
               2016. Proceedings},
  series    = {Lecture Notes in Computer Science},
  volume    = {9583},
  publisher = {Springer},
  year      = {2016},
  url       = {https://doi.org/10.1007/978-3-662-49122-5},
  doi       = {10.1007/978-3-662-49122-5},
  isbn      = {978-3-662-49121-8},
  timestamp = {Wed, 24 May 2017 08:30:31 +0200},
  biburl    = {http://dblp.org/rec/bib/conf/vmcai/2016},
  bibsource = {dblp computer science bibliography, http://dblp.org}
}


@article{rosu-2017-lmcs,
    author = "Ro\c{s}u, Grigore",
    doi = "http://arxiv.org/abs/1705.06312",
    title = "Matching logic",
    journal = "Logical Methods in Computer Science",
    number = "4",
    month = "December",
    volume = "13",
    year = "2017",
    project_acronym = "Matching Logic",
    pages = "1-61"
}





@inproceedings{icfem/BlazyL05,
	author    = {Sandrine Blazy and
	Xavier Leroy},
	title     = {Formal Verification of a Memory Model for \emph{C}-Like Imperative
	Languages},
	booktitle = {Formal Methods and Software Engineering, 7th International Conference
	on Formal Engineering Methods, {ICFEM} 2005, Manchester, UK, November
	1-4, 2005, Proceedings},
	pages     = {280--299},
	year      = {2005},
	crossref  = {DBLP:conf/icfem/2005},
	url       = {https://doi.org/10.1007/11576280\_20},
	doi       = {10.1007/11576280\_20},
	timestamp = {Tue, 30 May 2017 16:36:53 +0200},
	biburl    = {https://dblp.org/rec/bib/conf/icfem/BlazyL05},
	bibsource = {dblp computer science bibliography, https://dblp.org}
}
@proceedings{DBLP:conf/icfem/2005,
	editor    = {Kung{-}Kiu Lau and
	Richard Banach},
	title     = {Formal Methods and Software Engineering, 7th International Conference
	on Formal Engineering Methods, {ICFEM} 2005, Manchester, UK, November
	1-4, 2005, Proceedings},
	series    = {Lecture Notes in Computer Science},
	volume    = {3785},
	publisher = {Springer},
	year      = {2005},
	url       = {https://doi.org/10.1007/11576280},
	doi       = {10.1007/11576280},
	isbn      = {3-540-29797-9},
	timestamp = {Tue, 30 May 2017 16:36:53 +0200},
	biburl    = {https://dblp.org/rec/bib/conf/icfem/2005},
	bibsource = {dblp computer science bibliography, https://dblp.org}
}













